@article{morigireencantamento,
  title={O reencantamento do mundo e acesso {\`a} informa{\c{c}}{\~a}o},
  author={Morigi, Valdir Jose and Engelmann, Solange In{\^e}s and Massoni, Luis Fernando Herbert and Stueber, Ketlen},
  year={2016}
}

@article{matellart2002historia,
  title={Hist{\'o}ria da sociedade da informa{\c{c}}{\~a}o},
  author={Matellart, Armand},
  journal={S{\~a}o Paulo: Ed. Loyola},
  year={2002}
}

@article{esteves2010novos,
  title={Novos media e delibera{\c{c}}{\~a}o: sobre redes, tecnologia, informa{\c{c}}{\~a}o e comunica{\c{c}}{\~a}o},
  author={Esteves, Jo{\~a}o Pissarra},
  journal={IC Revista Cient{\'\i}fica de Informaci{\'o}n y Comunicaci{\'o}n, 7, 171-191},
  year={2010},
  publisher={Universidad de Sevilla}
}

@article{maciel2000portadores,
  title={Portadores de defici{\^e}ncia: a quest{\~a}o da inclus{\~a}o social},
  author={Maciel, Maria Regina Cazzaniga},
  journal={S{\~a}o Paulo em perspectiva},
  volume={14},
  pages={51--56},
  year={2000},
  publisher={SciELO Brasil}
}

@article{caldwell2008web,
  title={Web content accessibility guidelines (WCAG) 2.0},
  author={Caldwell, Ben and Cooper, Michael and Reid, Loretta Guarino and Vanderheiden, Gregg and Chisholm, Wendy and Slatin, John and White, Jason},
  journal={WWW Consortium (W3C)},
  volume={290},
  year={2008}
}

@article{sharp2005design,
  title={Design de Intera{\c{c}}{\~a}o: al{\'e}m da intera{\c{c}}{\~a}o homem-computador},
  author={Sharp, Helen and Rogers, Yvonne and Preece, J},
  journal={Artmed},
  year={2005}
}

@article{torres2004conteudos,
  title={Conte{\'u}dos digitais multim{\'\i}dia: o foco na usabilidade e acessibilidade},
  author={Torres, Elisabeth F{\'a}tima and Mazzoni, Alberto Angel},
  journal={Ci{\^e}ncia da informa{\c{c}}{\~a}o},
  volume={33},
  pages={152--160},
  year={2004},
  publisher={SciELO Brasil}
}

@article{sharma2014quantitative,
  title={Quantitative analysis of automation and manual testing},
  author={Sharma, RM},
  journal={International journal of engineering and innovative technology},
  volume={4},
  number={1},
  year={2014}
}

@article{schiariti2020human,
  title={The human rights of children with disabilities during health emergencies: the challenge of COVID-19},
  author={Schiariti, Ver{\'o}nica},
  journal={Dev Med Child Neurol},
  volume={62},
  number={6},
  pages={661},
  year={2020}
}

@article{da2019notas,
  title={notas estat{\'\i}sticas},
  author={MEC, Censo},
  journal={Inst Nac Estud e Pesqui Educ An{\'\i}sio Teixeira},
  volume={2019},
  year={2019}
}

@article{dos2021acessibilidade,
  title={Acessibilidade Digital em Ambientes Virtuais de Aprendizagem: uma Revis{\~a}o Sistem{\'a}tica},
  author={dos Santos, Carlos Eduardo Rocha and de Oliveira, Ligia Petrolini and Herrera, Victoria Alejandra Salazar and da Silva, Siony},
  journal={EaD em Foco},
  volume={11},
  number={1},
  year={2021}
}

@phdthesis{izabel2014testes,
  title={Testes automatizados no processo de desenvolvimento de softwares},
  author={Izabel, Leonardo Roxo Pessanha},
  year={2014},
  school={Universidade Federal do Rio de Janeiro}
}

@phdthesis{santa2011seleccao,
  title={Sele{\c{c}}{\~a}o de Abordagens de Teste para Aplica{\c{c}}{\~o}es Web},
  author={Santa Isabel, Silvia Lopes},
  year={2011},
  school={Disserta{\c{c}}{\~a}o de M. Sc., COPPE/UFRJ, Julho}
}

@incollection{mendes2006need,
  title={The need for web engineering: An introduction},
  author={Mendes, Emilia and Mosley, Nile and Counsell, Steve},
  booktitle={Web Engineering},
  pages={1--27},
  year={2006},
  publisher={Springer}
}

@inproceedings{kappel2004web,
  title={Web engineering--old wine in new bottles?},
  author={Kappel, Gerti and Michlmayr, Elke and Pr{\"o}ll, Birgit and Reich, Siegfried and Retschitzegger, Werner},
  booktitle={International Conference on Web Engineering},
  pages={6--12},
  year={2004},
  organization={Springer}
}

@online{seleniumdoc,
    author = "Selenium",
    title = "Documentação do Selenium",
    url  = "https://www.selenium.dev/documentation/",
    year = 2021,
    addendum = "(acesso em: 03.09.2021)",
    keywords = "latex,knuth"
}

@article{world2014accessible,
  title={Accessible rich internet applications (WAI-ARIA) 1.1},
  author={WAI-ARIA},
  year={2014},
  publisher={World Wide Web Consortium}
}

@misc{cooper2010techniques,
  title={Techniques and Failures for Web Content Accessibility Guidelines 2.0'},
  author={Cooper, Michael and Reid, Loretta Guarino and Vanderheiden, Gregg and Caldwell, B},
  year={2010}
}

@online{htmldoc,
    author = "Web Docs MDN",
    title = "Documentação do HTML",
    url  = "https://developer.mozilla.org/pt-BR/docs/Web/HTML/Element",
    year = 2021,
    addendum = "(acesso em: 06.09.2021)",
    keywords = "latex,knuth"
}

@phdthesis{chantre2015testes,
  title={Testes autom{\'a}ticos de acessibilidade em aplica{\c{c}}{\~o}es m{\'o}veis},
  author={Chantre, Jos{\'e} Rui Monteiro},
  year={2015}
}

@article{silva2017avaliaccao,
  title={Avalia{\c{c}}{\~a}o cont{\'\i}nua de acessibilidade para apoio {\`a}s evolu{\c{c}}{\~o}es de websites},
  author={Silva, Aline Bossi Pereira da and others},
  year={2017},
  publisher={[sn]}
}

@article{sousa2020estudo,
  title={Estudo sobre requisitos e automa{\c{c}}{\~a}o do teste de acessibilidade para surdos em aplica{\c{c}}{\~o}es Web},
  author={Sousa, Caio C{\'e}sar Silva and others},
  year={2020},
  publisher={Universidade Federal de Goi{\'a}s}
}
